@misc{ wiki:2-manifold,
    author = "{Freedman, Michael H.; Quinn, Frank (1990)}",
    title = "{Topology of 4-Manifolds}",
    year = "1990",
    note = "{Princeton University Press. ISBN 0-691-08577-3.}"
}
  
  
  
%%% Github links
@misc{ gh:clipper,
    author = "Cristian Pallarés",
    title = "An open source freeware polygon clipping library",
    year = "2017",
    note = "\href{https://github.com/skyrpex/clipper}{github.com}"
}
  
@misc{ gh:lineclip,
    author = "Mapbox",
    title = "{A very fast JavaScript polyline and polygon clipping library}",
    year = "2018",
    note = "\href{https://github.com/mapbox/lineclip}{github.com}"
}

@misc{ gh:clipper-lib,
    author = "Lingjun Meng",
    title = "{Boolean operations and offsetting library in Javascript}",
    year = "2016",
    note = "\href{https://github.com/junmer/clipper-lib}{github.com}"
}

@misc{ gh:threejs,
    author = "Ricardo Cabello",
    title = "three.js",
    year = "2019",
    note = "\href{https://threejs.org/}{threejs.org}"
}
  
@misc{ gh:curaengine,
    author = "Ultimaker",
    title = "{CuraEngine}",
    year = "2019",
    note = "\href{https://github.com/Ultimaker/CuraEngine}{github.com}"
}
  
@misc{ gh:slic3r,
    author = "Alessandro Ranellucci",
    title = "Slic3r",
    year = "2019",
    note = "\href{https://slic3r.org/}{slic3r.org}"
}

@misc{ git-bisect,
    author = "The git community",
    title = "git-bisect",
    year = "2019",
    note = "\href{https://git-scm.com/docs/git-bisect}{git-scm.com}"
}

@misc{ webstorm,
    author = "{JetBrains s.r.o.}",
    title = "{WebStorm}",
    year = "2019",
    note = "\href{https://www.jetbrains.com/webstorm/}{jetbrains.com}"
}
@misc{ gantter,
    author = "{Smartapp.com, Inc}",
    title = "Gantter",
    year = "2019",
    note = "\href{https://gantter.com}{gantter.com}"
}
  
@misc{ pla-co2,
    author = "{Hitachi, Ltd.}",
    title = "{Production process for polylactic acid (PLA)}",
    note = "\href{https://www.hitachi.com/businesses/infrastructure/product_site/ip/process/pla.html}{hitachi.com}"
}


@misc{ env-impact-3dp,
    author = "{3D Insider}",
    title = "{The Environmental Impact of 3D Printing}",
    year = "2017",
    note = "\href{https://3dinsider.com/environmental-impact-3d-printing/}{3dinsider.com}"
}
  
  
@misc{ co2-breathing,
    author = "{Science Focus}",
    title = "{Human breathing contribution to climate change}",
    note = "\href{https://www.sciencefocus.com/planet-earth/how-much-does-human-breathing-contribute-to-climate-change/}{sciencefocus.com}"
}

@misc{ dev-salary,
    author = "{Glassdoor, Inc}",
    title = "{Software Developer Salaries in 2018}",
    note = "\href{https://www.glassdoor.com/Salaries/software-developer-salary-SRCH_KO0,18.htm}{glassdoor.com}"
}
  
  
@misc{ pm-salary,
    author = "{Glassdoor, Inc}",
    title = "{Project Manager Salaries in 2018}",
    note = "\href{https://www.glassdoor.com/Salaries/san-francisco-project-manager-salary-SRCH_IL.0,13_IM759_KO14,29.htm}{glassdoor.com}"
}

@misc{ qa-eng-salary,
    author = "{Glassdoor, Inc}",
    title = "{QA Engineer Salaries in 2018}",
    note = "\href{https://www.glassdoor.com/Salaries/qa-engineer-salary-SRCH_KO0,11.htm}{glassdoor.com}"
}
  
  
@misc{ price-electricity-endesa,
    author = "{Endesa S.A.}",
    title = "{Latest Electricity and Gas Rates}",
    note = "\href{https://www.endesaclientes.com/articles/latest-gas-light-regulated-rates.html}{endesaclientes.com}"
}

@misc{ price-vodafone-adsl,
    author = "{Vodafone España S.A.U.}",
    title = "{Precios Internet y Fijo}",
    note = "\href{https://www.vodafone.es/c/particulares/es/productos-y-servicios/internet-y-fijo/}{vodafone.es}"
}

@misc{ price-coffee-nespresso,
    author = "{Nespresso S.A.}",
    title = "{Cápsulas de café}",
    note = "\href{https://www.nespresso.com/es/es/order/capsules}{nespresso.com}"
}

@misc{ webgl,
    author = "{Khronos Group}",
    title = "{OpenGL ES for the Web}",
    note = "\href{https://www.khronos.org/webgl/}{khronos.org}"
}

@misc{ three:stl-loader,
    author = "{Leeper, A., Cabello, R., et al.}",
    title = "{STL Loader}",
    note = "\href{https://github.com/mrdoob/three.js/blob/dev/examples/js/loaders/STLLoader.js}{github.com}"
}

@misc{ three:orbit-controls,
    author = "{Xueqiao, J., Cabello, R., et al.}",
    title = "{OrbitControls}",
    note = "\href{https://github.com/mrdoob/three.js/blob/master/examples/js/controls/OrbitControls.js}{github.com}"
}

@misc{ dat.GUI,
    author = "{Google Data Arts Team}",
    title = "{dat.GUI}",
    note = "\href{https://github.com/dataarts/dat.gui}{github.com}"
}